@techreport {tmn,

   author = {Daniel C. {Howe} and Helen {Nissenbaum}},

   title = {Trackmenot: Resisting Surveillance in Web Search},

   institution = {NYU},

   pages = {409-428},

   url = {http://cs.nyu.edu/trackmenot/TMN-Howe-Niss08-ch23.pdf},

   year = 2008

}